<?xml version="1.0" encoding="UTF-8"?><collection xmlns="http://www.loc.gov/MARC21/slim"><record><leader>00890nam--2200193-u-4500</leader><controlfield tag="001">000053947</controlfield><controlfield tag="002">20161230</controlfield><controlfield tag="005">20161230201051</controlfield><controlfield tag="008">110725s1000------------r-----000-0-eng-d</controlfield><datafield ind1=" " ind2=" " tag="020"><subfield code="a">0854981098</subfield></datafield><datafield ind1=" " ind2=" " tag="040"><subfield code="a">IFIN-HH</subfield></datafield><datafield ind1=" " ind2=" " tag="080"><subfield code="a">537.311.322(061.3)</subfield></datafield><datafield ind1="1" ind2=" " tag="110"><subfield code="a">Institute Of Physics, England</subfield></datafield><datafield ind1="1" ind2="0" tag="245"><subfield code="a">Solid state devices, 1973</subfield><subfield code="b">The six invited papers presented at the third european solid state device research conference (essdeerc) sponsored by the european physical society, the institute of physics, the deutsche physikalische gesellschaft, region 8 of the institute of electrical AND ELECTRONICS ENGINEERIONG AND THE NACHRICHTENTECHNISCHE GESELLSCHAFT IM VDE, HELD IN MUNICH, 18-21 SEPTEMBER 1973</subfield></datafield><datafield ind1=" " ind2=" " tag="260"><subfield code="a">London</subfield><subfield code="b">The Institute Of Physics</subfield><subfield code="c">1974</subfield></datafield><datafield ind1=" " ind2=" " tag="300"><subfield code="a">157P</subfield></datafield><datafield ind1=" " ind2=" " tag="490"><subfield code="a">Conference Series</subfield><subfield code="v">Number 19</subfield></datafield><datafield ind1=" " ind2=" " tag="852"><subfield code="a">45625</subfield><subfield code="c">537.311.33</subfield></datafield><datafield ind1=" " ind2=" " tag="CAT"><subfield code="a">Sys</subfield><subfield code="c">20110725</subfield><subfield code="h">120520</subfield></datafield></record></collection>